<record><leader>00000cas a2200000 a 4500</leader><controlfield tag="001">12773230</controlfield><controlfield tag="008">851108d18701873ncuwr ne      0   a0eng d</controlfield><datafield ind1=" " ind2=" " tag="010"><subfield code="a">sn 92072791 </subfield></datafield><datafield ind1=" " ind2=" " tag="040"><subfield code="a">NDD</subfield><subfield code="b">eng</subfield><subfield code="c">NDD</subfield><subfield code="d">OCL</subfield><subfield code="d">NVJ</subfield><subfield code="d">OCL</subfield><subfield code="d">OCLCQ</subfield><subfield code="d">OCLCF</subfield><subfield code="d">OCLCO</subfield><subfield code="d">OCLCA</subfield></datafield><datafield ind1=" " ind2=" " tag="042"><subfield code="a">msc</subfield></datafield><datafield ind1=" " ind2=" " tag="043"><subfield code="a">n-us-nc</subfield></datafield><datafield ind1="0" ind2=" " tag="130"><subfield code="a">Christian advocate (Raleigh, N.C. : 1870)</subfield></datafield><datafield ind1="1" ind2="0" tag="245"><subfield code="a">Christian advocate.</subfield></datafield><datafield ind1=" " ind2=" " tag="260"><subfield code="a">Raleigh, N.C. :</subfield><subfield code="b">J.B. Bobbit</subfield></datafield><datafield ind1=" " ind2=" " tag="300"><subfield code="a">v. ;</subfield><subfield code="c">68 cm.</subfield></datafield><datafield ind1=" " ind2=" " tag="310"><subfield code="a">Weekly</subfield></datafield><datafield ind1="0" ind2=" " tag="362"><subfield code="a">Vol. 4, no. 46 (Nov. 27 [i.e. 30], 1870)-v. 19, no. 44 (Nov. 5, 1873).</subfield></datafield><datafield ind1=" " ind2=" " tag="515"><subfield code="a">Some issues carry also whole numbering.</subfield></datafield><datafield ind1=" " ind2=" " tag="550"><subfield code="a">Organ of the N.C. Conference, M.E. Church, South.</subfield></datafield><datafield ind1="2" ind2="0" tag="610"><subfield code="a">Methodist Episcopal Church, South.</subfield><subfield code="b">North Carolina Conference</subfield><subfield code="v">Newspapers.</subfield></datafield><datafield ind1=" " ind2="0" tag="650"><subfield code="a">Methodist Church</subfield><subfield code="z">North Carolina</subfield><subfield code="v">Newspapers.</subfield></datafield><datafield ind1=" " ind2="0" tag="650"><subfield code="a">African American newspapers</subfield><subfield code="z">North Carolina.</subfield></datafield><datafield ind1=" " ind2="7" tag="655"><subfield code="a">Newspapers.</subfield><subfield code="2">fast</subfield><subfield code="0">(OCoLC)fst01423814</subfield></datafield><datafield ind1="2" ind2="7" tag="610"><subfield code="a">Methodist Episcopal Church, South.</subfield><subfield code="b">North Carolina Conference.</subfield><subfield code="2">fast</subfield><subfield code="0">(OCoLC)fst00526890</subfield></datafield><datafield ind1=" " ind2="7" tag="650"><subfield code="a">African American newspapers.</subfield><subfield code="2">fast</subfield><subfield code="0">(OCoLC)fst00799278</subfield></datafield><datafield ind1=" " ind2="7" tag="650"><subfield code="a">Methodist Church.</subfield><subfield code="2">fast</subfield><subfield code="0">(OCoLC)fst01018643</subfield></datafield><datafield ind1=" " ind2="7" tag="651"><subfield code="a">North Carolina.</subfield><subfield code="2">fast</subfield><subfield code="0">(OCoLC)fst01204304</subfield></datafield><datafield ind1="2" ind2=" " tag="710"><subfield code="a">Methodist Episcopal Church, South.</subfield><subfield code="b">North Carolina Conference.</subfield></datafield><datafield ind1=" " ind2=" " tag="752"><subfield code="a">United States</subfield><subfield code="b">North Carolina</subfield><subfield code="c">Wake</subfield><subfield code="d">Raleigh.</subfield></datafield><datafield ind1="1" ind2=" " tag="776"><subfield code="t">Christian advocate (Raleigh, N.C. : 1870) (Microfilm)</subfield><subfield code="w">(OCoLC)12773366</subfield></datafield><datafield ind1="0" ind2="0" tag="780"><subfield code="t">Raleigh Episcopal Methodist</subfield><subfield code="w">(DLC)sn 92072990</subfield><subfield code="w">(OCoLC)12773127</subfield></datafield><datafield ind1="0" ind2="0" tag="785"><subfield code="t">Raleigh Christian advocate (Raleigh, N.C. : 1873)</subfield><subfield code="w">(DLC)sn 92072992</subfield><subfield code="w">(OCoLC)12773331</subfield></datafield></record>